@article{Dummy1,
  author  = {Dummy, B. N. and Dummer},
  title   = {This is a dummy article},
  journal = {Dummy journal name},
  volume  = {01},
  year    = {2023},
  number  = {2},
  pages   = {1799--1821},
  url     = {https://dummy.dum/articles/2023/},
  doi     = {00.1234/dummyy-00-1234-2023}
}
@article{Dummy2,
  author  = {Dummy, B. N. and Dummer},
  title   = {This is a dummy article},
  journal = {Dummy journal name},
  volume  = {02},
  year    = {2023},
  number  = {3},
  pages   = {100--123},
  url     = {https://dummy.dum/articles/2023/},
  doi     = {00.1234/dummyy-00-1234-2023}
}
@article{Dummy3,
  author  = {Dummy, B. N. and Dummer},
  title   = {This is a dummy article},
  journal = {Dummy journal name},
  volume  = {03},
  year    = {2023},
  number  = {4},
  pages   = {1234},
  url     = {https://dummy.dum/articles/2023/},
  doi     = {00.1234/dummyy-00-1234-2023}
}
@article{Dummy4,
  author  = {Dummy, B. N. and Dummer},
  title   = {This is a dummy article},
  journal = {Dummy journal name},
  volume  = {04},
  year    = {2023},
  number  = {5},
  pages   = {234-240},
  url     = {https://dummy.dum/articles/2023/},
  doi     = {00.1234/dummyy-00-1234-2023}
}